@article{pavia2014measurement,
      title={Measurement and modeling of microlenses fabricated on single-photon avalanche diode arrays for fill factor recovery},
      author={Pavia, Juan Mata and Wolf, Martin and Charbon, Edoardo},
      journal={Optics express},
      volume={22},
      number={4},
      pages={4202--4213},
      year={2014},
      publisher={Optical Society of America}
                }

@inproceedings{carrara2009gamma,
      title={A gamma, x-ray and high energy proton radiation-tolerant CIS for space applications},
      author={Carrara, Lucio and Niclass, Cristiano and Scheidegger, Noemy and Shea, Herbert and Charbon, Edoardo},
      booktitle={2009 IEEE International Solid-State Circuits Conference-Digest of Technical Papers},
      pages={40--41},
      year={2009},
      organization={IEEE}
}

@inproceedings{burri2016linospad,
      title={LinoSPAD: a time-resolved 256$\times$ 1 CMOS SPAD line sensor system featuring 64 FPGA-based TDC channels running at up to 8.5 giga-events per second},
      author={Burri, Samuel and Homulle, Harald and Bruschini, Claudio and Charbon, Edoardo},
      booktitle={SPIE Photonics Europe},
      pages={98990D--98990D},
      year={2016},
      organization={International Society for Optics and Photonics}
}

@phdthesis{burri2016thesis,
    author={Samuel Burri},
    title={Challenges and Solutions to Next-Generation Single-Photon Imagers},
    school={Ecole Polytechnique Federale de Lasusanne},
    year={2064},
    note={}
}

